@book{LilianaBlanco,
	author = {given-i=LB, given={Liliana Blanco}, family=Casta√±eda},
	date = {2004-01-01},
	publisher = {Univ. Nacional de Colombia},
	title = {Probabilidad},
}